

@book{SARbook,
  title={Synthetic Aperture Radar Signal Processing with MATLAB Algorithms},
  author={Soumekh, Mehrdad},
  year={1999},
  pages={175-450}
}

@inproceedings{masci2011stacked,
  title={Stacked convolutional auto-encoders for hierarchical feature extraction},
  author={Masci, Jonathan and Meier, Ueli and Cire{\c{s}}an, Dan and Schmidhuber, J{\"u}rgen},
  booktitle={International Conference on Artificial Neural Networks},
  pages={52--59},
  year={2011},
  organization={Springer}
}
